<?xml version="1.0" encoding="UTF-8"?><collection xmlns="http://www.loc.gov/MARC21/slim"><record><leader>00640nam--2200181-i-4500</leader><controlfield tag="001">000046579</controlfield><controlfield tag="002">20161230</controlfield><controlfield tag="005">20161230201046</controlfield><controlfield tag="008">060222s1000------------r-----000-0-fre-d</controlfield><datafield ind1=" " ind2=" " tag="040"><subfield code="a">IFIN-HH</subfield></datafield><datafield ind1=" " ind2=" " tag="041"><subfield code="a">fre</subfield></datafield><datafield ind1=" " ind2=" " tag="080"><subfield code="a">536.7:669.017.3(043)</subfield></datafield><datafield ind1="1" ind2=" " tag="100"><subfield code="a">Vermande, Alain</subfield></datafield><datafield ind1="1" ind2="0" tag="245"><subfield code="a">Mesures d`activite dans les phases metalliques binaires par absorption atomique et effusion de knudsen. estimation des granderns thermodynamique de melange des systemes polyconstitute</subfield><subfield code="b">These</subfield><subfield code="c">Alain vermende</subfield></datafield><datafield ind1=" " ind2=" " tag="260"><subfield code="a">Grenoble</subfield><subfield code="b">Universite Scientifique Et Medicale</subfield><subfield code="c">1977</subfield></datafield><datafield ind1=" " ind2=" " tag="300"><subfield code="a">83P</subfield></datafield><datafield ind1=" " ind2=" " tag="852"><subfield code="a">46326</subfield><subfield code="c">536.7</subfield></datafield><datafield ind1=" " ind2=" " tag="CAT"><subfield code="a">Sys</subfield><subfield code="c">20110531</subfield><subfield code="h">130655</subfield></datafield></record></collection>